@MISC{Oetiker2010,
  author = {Tobias Oetiker},
  title = {The Not So Short A Introduction to {LaTeX2e}},
  year = {2010},
  howpublished = {\url{http://tobi.oetiker.ch/lshort/lshort.pdf}}
 }

@BOOK{Wooldridge2012,
  author = {Jeffrey M. Wooldridge},
  publisher = {South-Western, Cengage Learning},
  title = {Introductory Econometrics: A Modern Approach},
  year = 2012
}

@BOOK{MadsenThyregod2011,
  author = {Henrik Madsen, Poul Thyregod},
  edition = {1.},
  publisher = {Chapman and Hall/CRC texts in statistical science series},
  title = {Introduction to General and Generalized Linear Models},
  year = 2011
}